<record><leader>00000cas a22000007a 4500</leader><controlfield tag="001">20991331</controlfield><controlfield tag="008">900202d18951917mouwr ne      0    0eng d</controlfield><datafield ind1=" " ind2=" " tag="010"><subfield code="a">sn 90061024 </subfield></datafield><datafield ind1=" " ind2=" " tag="040"><subfield code="a">MQN</subfield><subfield code="b">eng</subfield><subfield code="c">MQN</subfield><subfield code="d">OCLCQ</subfield></datafield><datafield ind1=" " ind2=" " tag="042"><subfield code="a">msc</subfield></datafield><datafield ind1="0" ind2="0" tag="245"><subfield code="a">Hampton's mercury.</subfield></datafield><datafield ind1="3" ind2="0" tag="246"><subfield code="a">Hampton's Kingston mercury</subfield></datafield><datafield ind1=" " ind2=" " tag="260"><subfield code="a">Kingston, Mo. :</subfield><subfield code="b">P.W. Hampton,</subfield><subfield code="c">-1917.</subfield></datafield><datafield ind1=" " ind2=" " tag="300"><subfield code="a">v.</subfield></datafield><datafield ind1=" " ind2=" " tag="310"><subfield code="a">Weekly</subfield></datafield><datafield ind1="1" ind2=" " tag="362"><subfield code="a">Began in 1895?</subfield></datafield><datafield ind1="0" ind2=" " tag="362"><subfield code="a">-v. 22, no. 47 (Sept. 28, 1917).</subfield></datafield><datafield ind1=" " ind2=" " tag="500"><subfield code="a">"Kingston" appears with logo on masthead.</subfield></datafield><datafield ind1=" " ind2=" " tag="515"><subfield code="a">Numbering changed from years to vols. with issue for Oct. 13, 1911.</subfield></datafield><datafield ind1=" " ind2=" " tag="588"><subfield code="a">Description based on: 8th year (Nov. 7, 1902).</subfield></datafield><datafield ind1=" " ind2=" " tag="752"><subfield code="a">United States</subfield><subfield code="b">Missouri</subfield><subfield code="c">Caldwell</subfield><subfield code="d">Kingston.</subfield></datafield><datafield ind1="0" ind2="0" tag="785"><subfield code="t">Kingston mercury</subfield><subfield code="w">(DLC)sn 90061025</subfield></datafield></record>